@book{krane,
    author = "Kenneth S. Krane",
    title = "Introductory Nuclear Physics",
    publisher = "John Wiley and Sons",
    edition = "{F}irst",
    year = "1988",
}
@book{baratta,
    author = "John R. Lamarsh, Anthony John Baratta",
    title = "Introduction to nuclear engineering",
    publisher = "Upper Saddle River, N.J. : Pearson/Prentice Hall",
    edition = "{T}hird",
    year = "2012",
}
@misc{nndc,
      year = "2012",
      url = "http://http://www.nndc.bnl.gov/",
      howpublished = "\url{http://root.cern.ch/}"
}
@misc{root,
      year = "2013",
      url = "http://root.cern.ch/",
      howpublished = "\url{http://root.cern.ch/}",
      author = "Fons Rademakers et al"
}
