% Example - Book
@book{unique_name,
       author = {Writer, A. and Author B.},
        title = {How to Include References},
    publisher = {Birmingham Press, UK},
         year = "2013",
}

% Example - Article
@article{another_unique_name,
        title = {Referencing Articles in Bibtex},
       author = {Monz, Thomas and Schindler, Philipp and Barreiro, Julio T. and Chwalla},
      journal = {Phys. Rev. Lett.},
       volume = {106},
        issue = {13},
        pages = {177-201},
     numpages = {4},
         year = {2011},
        month = {Mar},
          doi = {10.1103/PhysRevLett.106.130506},
          url = {http://link.aps.org/doi/10.1103/PhysRevLett.106.130506},
    publisher = {American Physical Society}
}

% Example - Conference
@inproceedings{another_name,
       author = {Kleinjung, Thorsten and Aoki, Kazumaro and Franke, Jens and Lenstra, Arjen K. and Thom{\'e}},
        title = {Factorization of a 768-bit RSA modulus},
    booktitle = {Proceedings of the 30th annual conference on Advances in cryptology},
       series = {CRYPTO'10},
         year = {2010},
         isbn = {3-642-14622-8, 978-3-642-14622-0},
     location = {Santa Barbara, CA, USA},
        pages = {333--350},
     numpages = {18},
          url = {http://dl.acm.org/citation.cfm?id=1881412.1881436},
        acmid = {1881436},
    publisher = {Springer-Verlag},
      address = {Berlin, Heidelberg},
     keywords = {RSA, number field sieve},
} 

% Example - For websites etc.
@misc{something_new,
  author 		= {Joe Bloggs},
  title 		= {{Measurements From WMAP}},
  howpublished  = "\url{http://en.wikipedia.org/wiki/File:Perfect-image-that-cant-be-found-elsewhere.svg}",
  year 			= {2012}, 
}

%-----------------------------------------------------------------------------------------

@misc{nasa_uni_shape,
  author 		= {Dr. Edward J. Wollack},
  title 		= {{Measurements From WMAP}},
  howpublished  = "\url{http://map.gsfc.nasa.gov/universe/uni_shape.html}",
  year 			= {2012}, 
}