% If using a paper from arXiv, try to find the relavent paper in a published journal. 
% If it has not been published yet, you can get the bibtex entry (for referencing in Latex) from this website. 
% Put in the code to the paper as given on the arXiv site and copy what it gives you to the references file.

% Example - Book
@book{unique_name,
       author = {Writer, A. and Author B.},
        title = {How to Include References},
    publisher = {Birmingham Press, UK},
         year = "2013",
}

% Example - Article
@article{another_unique_name,
        title = {Referencing Articles in Bibtex},
       author = {Monz, Thomas and Schindler, Philipp and Barreiro, Julio T. and Chwalla},
      journal = {Phys. Rev. Lett.},
       volume = {106},
        issue = {13},
        pages = {177-201},
     numpages = {4},
         year = {2011},
        month = {Mar},
          doi = {10.1103/PhysRevLett.106.130506},
          url = {http://link.aps.org/doi/10.1103/PhysRevLett.106.130506},
    publisher = {American Physical Society}
}

% Example - Conference
@inproceedings{another_name,
       author = {Kleinjung, Thorsten and Aoki, Kazumaro and Franke, Jens and Lenstra, Arjen K. and Thom{\'e}},
        title = {Factorization of a 768-bit RSA modulus},
    booktitle = {Proceedings of the 30th annual conference on Advances in cryptology},
       series = {CRYPTO'10},
         year = {2010},
         isbn = {3-642-14622-8, 978-3-642-14622-0},
     location = {Santa Barbara, CA, USA},
        pages = {333--350},
     numpages = {18},
          url = {http://dl.acm.org/citation.cfm?id=1881412.1881436},
        acmid = {1881436},
    publisher = {Springer-Verlag},
      address = {Berlin, Heidelberg},
     keywords = {RSA, number field sieve},
} 

% Example - For websites etc.
@misc{something_new,
  author 		= {Joe Bloggs},
  title 		= {{Measurements From WMAP}},
  howpublished  = "\url{http://en.wikipedia.org/wiki/File:Perfect-image-that-cant-be-found-elsewhere.svg}",
  year 			= {2012}, 
}

%-----------------------------------------------------------------------------------------

@misc{nasa_uni_shape,
  author 		= {Dr. Edward J. Wollack},
  title 		= {{Measurements From WMAP}},
  howpublished  = "\url{http://map.gsfc.nasa.gov/universe/uni_shape.html}",
  year 			= {2012}, 
}

@misc{Hubsite_1,
    author = "Space Telescope Science Institute",
       howpublished = "\url{http://hubblesite.org/the_telescope/hubble_essentials/quick_facts.php}"
}
@misc{NASA_1,
    author = "NASA",
      year = "2011",
       howpublished = "\url{http://solarsystem.nasa.gov/missions/profile.cfm?MCode=HST}"
}
@misc{Hubsite_2,
    author = "Space Telescope Science Institute",
       howpublished = "\url{http://hubblesite.org/hubble_discoveries/breakthroughs/cosmology}"
}
@misc{Hubsite_3,
    author = "Space Telescope Science Institute",
       howpublished = "\url{http://hubblesite.org/hubble_discoveries/breakthroughs/planetary}"
}
@misc{Hubsite_4,
    author = "Space Telescope Science Institute",
       howpublished = "\url{http://hubblesite.org/the_telescope/nuts_.and._bolts/spacecraft_systems/}"
}
@misc{Hubsite_5,
    author = "Space Telescope Science Institute",
       howpublished = "\url{http://hubblesite.org/the_telescope/nuts_.and._bolts/optics/}"
}
@misc{ESA_1,
    author = "ESA",
       howpublished = "\url{http://www.spacetelescope.org/about/history/servicing_mission_1/}"
}
@misc{ESA_2,
    author = "ESA",
       howpublished = "\url{http://www.spacetelescope.org/science/deep_fields/}"
}
@book{WFC3_IHB,
       author = {Dressel, L.},
        title = {Wide Field Camera 3 Instrument Handbook, Version 5.0},
    publisher = {StScI, Baltimore},
         year = "2012",
}
@ARTICLE{WMAP9,
   author = {{Hinshaw}, G. and {Larson}, D. and {Komatsu}, E. and {Spergel}, D.~N. and 
	{Bennett}, C.~L. and {Dunkley}, J. and {Nolta}, M.~R. and {Halpern}, M. and 
	{Hill}, R.~S. and {Odegard}, N. and {Page}, L. and {Smith}, K.~M. and 
	{Weiland}, J.~L. and {Gold}, B. and {Jarosik}, N. and {Kogut}, A. and 
	{Limon}, M. and {Meyer}, S.~S. and {Tucker}, G.~S. and {Wollack}, E. and 
	{Wright}, E.~L.},
    title = "{Nine-Year Wilkinson Microwave Anisotropy Probe (WMAP) Observations: Cosmological Parameter Results}",
  journal = {ArXiv e-prints},
archivePrefix = "arXiv",
   eprint = {1212.5226},
 primaryClass = "astro-ph.CO",
 keywords = {Astrophysics - Cosmology and Extragalactic Astrophysics},
     year = 2012,
    month = dec,
   adsurl = {http://adsabs.harvard.edu/abs/2012arXiv1212.5226H},
  adsnote = {Provided by the SAO/NASA Astrophysics Data System}
}
@ARTICLE{Bouwens2011,
   author = {{Bouwens}, R.~J. and {Illingworth}, G.~D. and {Oesch}, P.~A. and 
	{Labb{\'e}}, I. and {Trenti}, M. and {van Dokkum}, P. and {Franx}, M. and 
	{Stiavelli}, M. and {Carollo}, C.~M. and {Magee}, D. and {Gonzalez}, V.
	},
    title = "{Ultraviolet Luminosity Functions from 132 z \~{} 7 and z \~{} 8 Lyman-break Galaxies in the Ultra-deep HUDF09 and Wide-area Early Release Science WFC3/IR Observations}",
  journal = {\apj},
archivePrefix = "arXiv",
   eprint = {1006.4360},
 primaryClass = "astro-ph.CO",
 keywords = {galaxies: evolution, galaxies: high-redshift},
     year = 2011,
    month = aug,
   volume = 737,
      eid = {90},
    pages = {90},
      doi = {10.1088/0004-637X/737/2/90},
   adsurl = {http://adsabs.harvard.edu/abs/2011ApJ...737...90B},
  adsnote = {Provided by the SAO/NASA Astrophysics Data System}
}